@misc{ wiki:xxx,
	author = "Wikipedia",
	title = "Distribución de Bernoulli {-} \url{https://es.wikipedia.org/w/index.php?title=Distribuci%C3%B3n_de_Bernoulli&oldid=125659614}",
    year = "2020",
    url = "\url{https://es.wikipedia.org/w/index.php?title=Distribuci%C3%B3n_de_Bernoulli&oldid=125659614}"
}

@misc{ber,
	author = "Economipedia",
	title = "Distribución de Bernoulli {-} \url{https://economipedia.com/definiciones/ejemplo-de-distribucion-de-bernoulli.html}",
	year = "2020",
	url="\url{https://economipedia.com/definiciones/ejemplo-de-distribucion-de-bernoulli.html}"
}

@misc{sdf,
	author = "WikiMii",
	title = "Rademacher distribution {-} \url{https://wikimili.com/en/Rademacher_distribution}",
	year="2020",
	url="\url{https://wikimili.com/en/Rademacher_distribution}"
}

@misc{sdsd,
	author = "Wikipedia",
	title="Bootstrapping {-} \url{https://es.wikipedia.org/wiki/Bootstrapping_(estad%C3%ADstica)}",
	year="2020",
	url="\url{https://es.wikipedia.org/wiki/Bootstrapping_(estad%C3%ADstica)}"
}

  @misc{ wiki:xxxsdf,
	author = "{Wikipedia}",
	title = "Rademacher distribution {-} \url{https://en.wikipedia.org/w/index.php?title=Rademacher_distribution&oldid=920903351}",
	year = "2019",
	url = "\url{https://en.wikipedia.org/w/index.php?title=Rademacher_distribution&oldid=920903351}"
}

  @misc{ wiki:xxx2,
	author = "{Wikipedia}",
	title = "Beta-binomial distribution {-} \url{https://en.wikipedia.org/w/index.php?title=Beta-binomial_distribution&oldid=953226575}",
	year = "2020",
	url = "\url{https://en.wikipedia.org/w/index.php?title=Beta-binomial_distribution&oldid=953226575}"
}

@misc{ wiki:sdfs,
	author = "{Wikipedia}",
	title = "Discrete uniform distribution - \url{https://en.wikipedia.org/w/index.php?title=Discrete_uniform_distribution&oldid=945319081}",
	year = "2020",
	url = "\url{https://en.wikipedia.org/w/index.php?title=Discrete_uniform_distribution&oldid=945319081}"
}

@misc{ wiki:xxxasdfsadf,
	author = "Wikipedia",
	title = "Distribución binomial negativa - \url{https://es.wikipedia.org/w/index.php?title=Distribuci%C3%B3n_binomial_negativa&oldid=120619920}",
	year = "2019",
	url = "\url{https://es.wikipedia.org/w/index.php?title=Distribuci%C3%B3n_binomial_negativa&oldid=120619920}"
}

@misc{ wiki:xxxasdfsadsdff,
	author = "Wikipedia",
	title = "Distribución Triangular - \url{https://en.wikipedia.org/wiki/Triangular_distribution#Business_simulations}",
	year = "2019",
	url = "\url{https://en.wikipedia.org/wiki/Triangular_distribution#Business_simulations}"
}


@misc{asdfk,
	author="Wikipedia",
	title="Tramado {-} \url{https://es.wikipedia.org/wiki/Tramado}",
	year="2020",
	url="\url"{https://es.wikipedia.org/wiki/Tramado}
}


@misc{654sd,
	author="Dummies",
	title="F Distribution - \url{https://www.dummies.com/education/math/business-statistics/when-to-use-the-f-distribution/}",
	year="2020",
	url="https://www.dummies.com/education/math/business-statistics/when-to-use-the-f-distribution/
}

@misc{dfs,
	author="Wikipedia",
	title="Distribución Lognormal - \url{https://en.wikipedia.org/wiki/Log-normal_distribution}",
	year="2020",
	url="\url{https://en.wikipedia.org/wiki/Log-normal_distribution}"
}

@misc{df464s,
	author="Wikipedia",
	title="Distribución Pareto - \url{https://en.wikipedia.org/wiki/Pareto_distribution}",
	year="2020",
	url="\url{https://en.wikipedia.org/wiki/Pareto_distribution}"
}

@misc{ wiki:xsdfx,
	author = "Wikipedia",
	title = "Distribución de Laplace {-} \url{https://es.wikipedia.org/w/index.php?title=Distribuci%C3%B3n_de_Laplace&oldid=119627796}",
	year = "2019",
	url = "\url{https://es.wikipedia.org/w/index.php?title=Distribuci%C3%B3n_de_Laplace&oldid=119627796}"
}
